COMMENT: Check to replace semicolons as separators between authors for ( and) as BibTex does not recognize semicolons as separators

@article{Palmer,
	title = {A generalization of Hartman's linearization theorem},
	journal = {Journal of Mathematical Analysis and Applications},
	volume = {41},
	number = {3},
	pages = {753-758},
	year = {1973},
	issn = {0022-247X},
	doi = {https://doi.org/10.1016/0022-247X(73)90245-X},
	url = {https://www.sciencedirect.com/science/article/pii/0022247X7390245X},
	author = {Kenneth J Palmer}
}






@article{BeidlerBenchmarking,
	author = {{Beidler}, C.~D. and {Allmaier}, K. and {Isaev}, M. Yu. and {Kasilov}, S.~V. and {Kernbichler}, W. and {Leitold}, G.~O. and {Maa{\ss}berg}, H. and {Mikkelsen}, D.~R. and {Murakami}, S. and {Schmidt}, M. and {Spong}, D.~A. and {Tribaldos}, V. and {Wakasa}, A.},
	title = "{Benchmarking of the mono-energetic transport coefficients{\textemdash}results from the International Collaboration on Neoclassical Transport in Stellarators (ICNTS)}",
	journal = {Nuclear Fusion},
	year = 2011,
	month = jul,
	volume = {51},
	number = {7},
	eid = {076001},
	pages = {076001},
	doi = {10.1088/0029-5515/51/7/076001},
	adsurl = {https://ui.adsabs.harvard.edu/abs/2011NucFu..51g6001B},
	adsnote = {Provided by the SAO/NASA Astrophysics Data System}
}